@article{José_Luis_Balcázar,
 author = {José L. Balcázar},
 title = {Closed-set-based Discovery of Bases of Association Rules},
 year = {2020},
 url = {https://upcommons.upc.edu/bitstream/handle/2117/182156/Balcazar.pdf?sequence=3}
}

@article{JGAA-107,
   author = {{Dimitris} J. {Kavvadias} and {Elias} C. {Stavropoulos}},
   title = {An Efficient Algorithm for the Transversal Hypergraph Generation},
   journal = {Journal of Graph Algorithms and Applications},
   year = {2005},
   volume = {9},
   number = {2},
   pages = {239--264},
   doi = {10.7155/jgaa.00107},
   url={http://jgaa.info/accepted/2005/KavvadiasStavropoulos2005.9.2.pdf}
}

@article{Thomas,
 author = {Thomas Eiter and Georg Gottlob},
 title = {Identifying the Minimal Transversals of a Hypergraph and Related Problems},
 journal = {SIAM Journal on Computing},
 issue_date = {August 2000},
 volume = {24},
 number = {6},
 year = {1995},
 url = {https://epubs.siam.org/doi/10.1137/S0097539793250299}
}